% CA ZEV policy

@article{zevpolicy,
    author="{Office of Governor Gavin Newsom}",
    title="California Enacts World-Leading Plan to Achieve 100 Percent Zero-Emission Vehicles by 2035, Cut Pollution",
    year=2022,
    month=august,
    howpublished = "\url{https://www.gov.ca.gov/2022/08/25/california-enacts-world-leading-plan-to-achieve-100-percent-zero-emission-vehicles-by-2035-cut-pollution/}"
}

@article{currentzevsales,
    author="{Office of Governor Gavin Newsom}",
    title="California ZEV Sales Near 18\% of All New Car Sales in 2022",
    year=2022,
    howpublished = "\url{https://www.gov.ca.gov/2022/10/19/california-zev-sales-near-18-of-all-new-car-sales-in-2022/}"
}

@article{nationalzevmarket,
    author="{Office of Governor Gavin Newsom}",
    title="California Leads the Nation’s ZEV Market, Surpassing 1 Million Electric Vehicles Sold",
    year=2022,
    howpublished = "\url{https://www.gov.ca.gov/2022/02/25/california-leads-the-nations-zev-market-surpassing-1-million-electric-vehicles-sold/}"
}


% Energy & emissions data

@techreport{caiso:ghgmethod,
    title = "Greenhouse Gas Emission Tracking Methodology",
    author = "Hundiwale, Abhishek",
    year = 2016,
    institution = "California ISO",
    month = dec,
    url = "\url{https://www.caiso.com/Documents/GreenhouseGasEmissionsTracking-Methodology.pdf/}"
}

@misc{weim:bg,
    author = "{Western Energy Imbalance Market}",
    year = 2022,
    title = "About",
    howpublished = "\url{https://www.westerneim.com/Pages/About/default.aspx}",
    note = "Accessed: \today"
}

@misc{caiso:energyemissionsdata,
    author = "{California ISO}",
    year = 2022,
    title = "Today’s Outlook",
    howpublished = "\url{https://www.caiso.com/TodaysOutlook/Pages/index.html}",
    note = "Accessed: \today"
}

@misc{caiso:bg,
    author = "{California ISO}",
    year=2022,
    title = "The {ISO} grid",
    howpublished = "\url{http://www.caiso.com/about/Pages/OurBusiness/The-ISO-grid.aspx}",
    note = "Accessed: \today"
}

@misc{eia:energydata,
    author = "{U.S. Energy Information Administration}",
    year = 2022,
    title = "California electricity data and map",
    howpublished = "\url{https://www.eia.gov/beta/states/states/ca/data/dashboard/electricity}",
    note = "Accessed: \today"
}


% Vehicle data

@misc{caec:vehicledata,
    author="{California Energy Commission}",
    title="Light-Duty Vehicle Population in California",
    year=2022,
    howpublished = "\url{https://www.energy.ca.gov/data-reports/energy-almanac/zero-emission-vehicle-and-infrastructure-statistics/light-duty-vehicle}"
}


% Related literature

@article{saleh:co2svm,
    author = "Saleh, Chairul and Dzakiyullah, Nur Rachman and Nugroho, Jonathan Bayu",
    title = "Carbon dioxide emissions prediction using support vector marchine",
    journal = "IOP Conf. series: Materials Science and Engineering",
    volume = "114",
    number = "012148",
    year = "2016",
    DOI ="10.1088/1757-899X/114/1/012148"
}

@article{ehteram:co2svm,
    author = "Ehteram, Mohammad and Sammen, Saad Sh and Fatemeh, Panahi and Sidek, Lariyah Mohd",
    title = "A hybrid novel SVM model for predicting CO\(_2\) emissions using Multiobjective Seagull Optimization",
    journal = "Environmental Science and Pollution Research",
    volume = "28",
    number = "46",
    pages = "66171-66192",
    year = "2021",
    DOI ="10.1007/s11356-021-15223-4"
}

@article{nguyen:co2prediction,
    title = {Predicting corporate carbon footprints for climate finance risk analyses: A machine learning approach},
    journal = {Energy Economics},
    volume = {95},
    pages = {105129},
    year = {2021},
    issn = {0140-9883},
    doi = {https://doi.org/10.1016/j.eneco.2021.105129},
    url = {https://www.sciencedirect.com/science/article/pii/S0140988321000347},
    author = {Quyen Nguyen and Ivan Diaz-Rainey and Duminda Kuruppuarachchi},
}

@article{vapnik:svms,
    title = {Support-vector networks},
    journal = {Mach Learn},
    volume = {20},
    pages = {273–297},
    year = {1995},
    doi = {https://doi.org/10.1007/BF00994018},
    url = {https://www.sciencedirect.com/science/article/pii/S0140988321000347},
    author = {Cortes, Corinna and Vapnik, Vladimir}
}

Cortes, C., Vapnik, V. Support-vector networks. Mach Learn 20, 273–297 (1995). https://doi.org/10.1007/BF00994018

% Other

@misc{nceia:weatherdata,
    author = "{National Centers for Environmental Information}",
    year = 2022,
    title = "County Mapping",
    howpublished = "\url{https://www.ncei.noaa.gov/access/monitoring/climate-at-a-glance/county/mapping/4/pcp/201902/1/value}",
    note = "Accessed: \today"
}
